<record><leader>00000cas a2200000 a 4500</leader><controlfield tag="001">19380979</controlfield><controlfield tag="008">890317d19381956nyucr ne      0    0hrv c</controlfield><datafield ind1=" " ind2=" " tag="010"><subfield code="a">sn 89070031 </subfield></datafield><datafield ind1=" " ind2=" " tag="040"><subfield code="a">YOX</subfield><subfield code="b">eng</subfield><subfield code="c">YOX</subfield><subfield code="d">DLC</subfield><subfield code="d">YOX</subfield><subfield code="d">NYS</subfield><subfield code="d">CRL</subfield><subfield code="d">DLC</subfield><subfield code="d">CRL</subfield><subfield code="d">DLC</subfield><subfield code="d">OCLCQ</subfield><subfield code="d">OCLCF</subfield><subfield code="d">OCLCO</subfield></datafield><datafield ind1="1" ind2=" " tag="029"><subfield code="a">AU@</subfield><subfield code="b">000020539661</subfield></datafield><datafield ind1=" " ind2=" " tag="042"><subfield code="a">pcc</subfield></datafield><datafield ind1=" " ind2=" " tag="043"><subfield code="a">n-us-ny</subfield></datafield><datafield ind1="0" ind2="0" tag="050"><subfield code="a">Newspaper</subfield></datafield><datafield ind1="0" ind2=" " tag="130"><subfield code="a">Hrvatski svijet (New York, N.Y. : 1938)</subfield></datafield><datafield ind1="1" ind2="0" tag="245"><subfield code="a">Hrvatski svijet.</subfield></datafield><datafield ind1="3" ind2="1" tag="246"><subfield code="a">Croatian world</subfield></datafield><datafield ind1=" " ind2=" " tag="260"><subfield code="a">New York, N.Y. :</subfield><subfield code="b">Anton Tanaskovic&#769;</subfield></datafield><datafield ind1=" " ind2=" " tag="300"><subfield code="a">v.</subfield></datafield><datafield ind1=" " ind2=" " tag="310"><subfield code="a">Semiweekly,</subfield><subfield code="b">Oct. 3, 1947-1956</subfield></datafield><datafield ind1=" " ind2=" " tag="321"><subfield code="a">Triweekly,</subfield><subfield code="b">1938-Sept. 30, 1947</subfield></datafield><datafield ind1="0" ind2=" " tag="362"><subfield code="a">G. 27, br. 9832 (4. list. 1938)-g. 48, br. 12,090 (22. svib. 1956).</subfield></datafield><datafield ind1=" " ind2=" " tag="530"><subfield code="a">Also issued on microfilm from the Library of Congress Photoduplication Service, and the New York Public Library.</subfield></datafield><datafield ind1=" " ind2=" " tag="546"><subfield code="a">In Serbo-Croatian (roman).</subfield></datafield><datafield ind1=" " ind2=" " tag="550"><subfield code="a">Organ of: Croatian Brotherhood of the United States of America.</subfield></datafield><datafield ind1=" " ind2="0" tag="650"><subfield code="a">Croatian Americans</subfield><subfield code="z">New York (State)</subfield><subfield code="z">New York</subfield><subfield code="v">Newspapers.</subfield></datafield><datafield ind1=" " ind2="0" tag="651"><subfield code="a">New York (N.Y.)</subfield><subfield code="v">Newspapers.</subfield></datafield><datafield ind1=" " ind2="7" tag="655"><subfield code="a">Newspapers.</subfield><subfield code="2">fast</subfield><subfield code="0">(OCoLC)fst01423814</subfield></datafield><datafield ind1=" " ind2="7" tag="650"><subfield code="a">Croatian Americans.</subfield><subfield code="2">fast</subfield><subfield code="0">(OCoLC)fst00883782</subfield></datafield><datafield ind1=" " ind2="7" tag="651"><subfield code="a">New York (State)</subfield><subfield code="z">New York.</subfield><subfield code="2">fast</subfield><subfield code="0">(OCoLC)fst01204333</subfield></datafield><datafield ind1="2" ind2=" " tag="710"><subfield code="a">Croatian Brotherhood of the United States of America.</subfield></datafield><datafield ind1=" " ind2=" " tag="752"><subfield code="a">United States</subfield><subfield code="b">New York</subfield><subfield code="c">New York</subfield><subfield code="d">New York.</subfield></datafield><datafield ind1="0" ind2="0" tag="780"><subfield code="t">Svijet (New York, N.Y.)</subfield><subfield code="w">(DLC)sn 83045234</subfield><subfield code="w">(OCoLC)9357802</subfield></datafield><datafield ind1="0" ind2="4" tag="785"><subfield code="t">Hrvatski glas (Winnipeg, Man.)</subfield><subfield code="w">(DLC)sn 85047634</subfield><subfield code="w">(OCoLC)12029756</subfield></datafield></record>